@article{cottrill2013future,
  title={Future mobility survey: Experience in developing a smartphone-based travel survey in Singapore},
  author={Cottrill, Caitlin D and Pereira, Francisco Camara and Zhao, Fang and Dias, Ines Ferreira and Lim, Hock Beng and Ben-Akiva, Moshe E and Zegras, P Christopher},
  journal={Transportation Research Record},
  volume={2354},
  number={1},
  pages={59--67},
  year={2013},
  publisher={SAGE Publications Sage CA: Los Angeles, CA}
}

@article{alho2022online,
  title={Online and in-person activity logging using a smartphone-based travel, activity, and time-use survey},
  author={Alho, Andr{\'e} and Cheng, Cheng and Hieu, Dao Trung and Sakai, Takanori and Zhao, Fang and Ben-Akiva, Moshe and Cheah, Lynette},
  journal={Transportation Research Interdisciplinary Perspectives},
  volume={13},
  pages={100524},
  year={2022},
  publisher={Elsevier}
}

@article{hong2021insights,
  title={Insights on data quality from a large-scale application of smartphone-based travel survey technology in the Phoenix metropolitan area, Arizona, USA},
  author={Hong, Shuyao and Zhao, Fang and Livshits, Vladimir and Gershenfeld, Shari and Santos, Jorge and Ben-Akiva, Moshe},
  journal={Transportation Research Part A: Policy and Practice},
  volume={154},
  pages={413--429},
  year={2021},
  publisher={Elsevier}
}

@misc{SpringFramework,
  author = {{Pivotal Software}},
  title = {Spring Framework -- Home},
  year = {2024},
  url = {https://spring.io},
  note = {Accessed: 2024-05-12}
}

@misc{fastapi_website,  
  author = {Tiangolo, Sebasti√°n},  
  title = {FastAPI},  
  howpublished = {\url{https://fastapi.tiangolo.com}},  
  note = {Accessed: 2023-10-27}  
}

@misc{kubernetes_website,  
  title = {Kubernetes},  
  howpublished = {\url{https://kubernetes.io}},  
  note = {Accessed: 2023-10-27}  
}

@misc{docker_website,  
  title = {Docker},  
  howpublished = {\url{https://www.docker.com}},  
  note = {Accessed: 2023-10-27}  
}

@article{liang2019deep,
  title={A deep learning model for transportation mode detection based on smartphone sensing data},
  author={Liang, Xiaoyuan and Zhang, Yuchuan and Wang, Guiling and Xu, Songhua},
  journal={IEEE Transactions on Intelligent Transportation Systems},
  volume={21},
  number={12},
  pages={5223--5235},
  year={2019},
  publisher={IEEE}
}

@misc{pytorch,  
  author = {PyTorch Contributors},  
  title = {PyTorch},  
  year = {2023},  
  howpublished = {\url{https://pytorch.org/}},  
  note = {Accessed: 2023-10-23}  
}

@misc{jenkins,  
  title = {Jenkins},  
  author = {Jenkins Contributors},  
  year = {2023},  
  howpublished = {\url{https://www.jenkins.io/}},  
  note = {Accessed: 2023-10-23}  
}

@misc{awsrds,  
  author = {Amazon Web Services},  
  title = {Amazon RDS},  
  year = {2023},  
  howpublished = {\url{https://aws.amazon.com/rds/}},  
  note = {Accessed: 2023-10-23}  
}

@misc{postgresql,  
  author = {PostgreSQL Global Development Group},  
  title = {PostgreSQL},  
  year = {2023},  
  howpublished = {\url{https://www.postgresql.org/}},  
  note = {Accessed: 2023-10-23}  
}

@misc{redis,  
  author = {Redis Developers},  
  title = {Redis},  
  year = {2023},  
  howpublished = {\url{https://redis.io/}},  
  note = {Accessed: 2023-10-23}  
}

@misc{swift,  
  author = {Apple Inc.},  
  title = {Swift Programming Language},  
  year = {2023},  
  howpublished = {\url{https://developer.apple.com/swift/}},  
  note = {Accessed: 2023-10-23}  
}